<record><leader>00000cas a22000007a 4500</leader><controlfield tag="001">13177002</controlfield><controlfield tag="008">860220d19621963pauwr ne      0    0eng d</controlfield><datafield ind1=" " ind2=" " tag="010"><subfield code="a">sn 86081123 </subfield></datafield><datafield ind1=" " ind2=" " tag="040"><subfield code="a">NPH</subfield><subfield code="b">eng</subfield><subfield code="c">NPH</subfield><subfield code="d">OCLCQ</subfield></datafield><datafield ind1=" " ind2=" " tag="042"><subfield code="a">msc</subfield></datafield><datafield ind1="0" ind2="4" tag="245"><subfield code="a">The Wellsboro gazette combined with the Wellsboro agitator.</subfield></datafield><datafield ind1=" " ind2=" " tag="260"><subfield code="a">Wellsboro, Pa. :</subfield><subfield code="b">Tioga Print. Corp.,</subfield><subfield code="c">1962-1963.</subfield></datafield><datafield ind1=" " ind2=" " tag="300"><subfield code="a">1 v. :</subfield><subfield code="b">ill. ;</subfield><subfield code="c">56 cm.</subfield></datafield><datafield ind1=" " ind2=" " tag="310"><subfield code="a">Weekly</subfield></datafield><datafield ind1="0" ind2=" " tag="362"><subfield code="a">87th yr., v. 87, no. 44 (Sept. 6, 1962)-89th yr., no. 7 (Dec. 26, 1963).</subfield></datafield><datafield ind1=" " ind2=" " tag="500"><subfield code="a">Published every Thursday.</subfield></datafield><datafield ind1=" " ind2=" " tag="752"><subfield code="a">United States</subfield><subfield code="b">Pennsylvania</subfield><subfield code="c">Tioga</subfield><subfield code="d">Wellsboro.</subfield></datafield><datafield ind1="0" ind2="4" tag="780"><subfield code="t">Wellsboro gazette (Wellsboro, Pa. : 1874)</subfield><subfield code="w">(DLC)sn 86081129</subfield></datafield><datafield ind1="0" ind2="4" tag="780"><subfield code="t">Wellsboro agitator</subfield><subfield code="w">(DLC)sn 86081130</subfield></datafield><datafield ind1="0" ind2="0" tag="785"><subfield code="t">Wellsboro gazette (Wellsboro, Pa. : 1964)</subfield><subfield code="w">(DLC)sn 86081124</subfield></datafield></record>